@article{asseng2015rising,
  title={Rising temperatures reduce global wheat production},
  author={Asseng, Senthold and Ewert, Frank and Martre, Pierre and R{\"o}tter, Reimund P and Lobell, David B and Cammarano, Davide and Kimball, Bruce A and Ottman, Michael J and Wall, GW and White, Jeffrey W and others},
  journal={Nature climate change},
  volume={5},
  number={2},
  pages={143--147},
  year={2015},
  publisher={Nature Publishing Group}
}

@article{assessment2018fourth,
  title={Fourth national climate assessment},
  author={USGCRP, Climate},
  year={2018}
}

@article{rodgers2021effects,
  title={Effects of Semiarid Wheat Agriculture Management Practices on Soil Microbial Properties: A Review},
  author={Rodgers, Hannah R and Norton, Jay B and van Diepen, Linda TA},
  journal={Agronomy},
  volume={11},
  number={5},
  pages={852},
  year={2021},
  publisher={Multidisciplinary Digital Publishing Institute}
}

@article{lehman2015soil,
  title={Soil biology for resilient, healthy soil},
  author={Lehman, R Michael and Acosta-Martinez, Veronica and Buyer, Jeffrey S and Cambardella, Cynthia A and Collins, Harold P and Ducey, Thomas F and Halvorson, Jonathan J and Jin, Virginia L and Johnson, Jane MF and Kremer, Robert J and others},
  journal={Journal of Soil and Water Conservation},
  volume={70},
  number={1},
  pages={12A--18A},
  year={2015},
  publisher={Soil and Water Conservation Society}
}

@article{norton2012loss,
  title={Loss and recovery of soil organic carbon and nitrogen in a semiarid agroecosystem},
  author={Norton, Jay B and Mukhwana, Eusebius J and Norton, Urszula},
  journal={Soil Science Society of America Journal},
  volume={76},
  number={2},
  pages={505--514},
  year={2012},
  publisher={Wiley Online Library}
}

@article{kaur2015effects,
  title={Effects of cropping practices on water-use and water productivity of dryland winter wheat in the high plains ecoregion of wyoming},
  author={Kaur, Gurpreet and Garcia y Garcia, Axel and Norton, Urszula and Persson, Tomas and Kelleners, Thijs},
  journal={Journal of Crop Improvement},
  volume={29},
  number={5},
  pages={491--517},
  year={2015},
  publisher={Taylor \& Francis}
}